<record><leader>00000cas a22000007a 4500</leader><controlfield tag="001">12198584</controlfield><controlfield tag="008">850625c19609999njudn ne      0   a0eng d</controlfield><datafield ind1=" " ind2=" " tag="010"><subfield code="a">sn 85035755 </subfield></datafield><datafield ind1=" " ind2=" " tag="040"><subfield code="a">NPA</subfield><subfield code="b">eng</subfield><subfield code="c">NPA</subfield><subfield code="d">NSD</subfield><subfield code="d">NJW</subfield><subfield code="d">NPA</subfield><subfield code="d">OCL</subfield><subfield code="d">NVK</subfield><subfield code="d">OCLCQ</subfield><subfield code="d">OCLCF</subfield><subfield code="d">OCLCO</subfield></datafield><datafield ind1=" " ind2=" " tag="012"><subfield code="l">1</subfield><subfield code="m">1</subfield></datafield><datafield ind1=" " ind2=" " tag="019"><subfield code="a">12198620</subfield></datafield><datafield ind1="1" ind2=" " tag="022"><subfield code="a">0893-3677</subfield><subfield code="l">0893-3677</subfield><subfield code="2">1</subfield></datafield><datafield ind1="1" ind2=" " tag="029"><subfield code="a">AU@</subfield><subfield code="b">000025785839</subfield></datafield><datafield ind1=" " ind2=" " tag="032"><subfield code="a">380300</subfield><subfield code="b">USPS</subfield></datafield><datafield ind1=" " ind2=" " tag="037"><subfield code="b">The New Jersey Herald, P.O. Box 10, Newton, NJ 07860</subfield></datafield><datafield ind1=" " ind2=" " tag="042"><subfield code="a">msc</subfield><subfield code="a">nsdp</subfield></datafield><datafield ind1=" " ind2=" " tag="043"><subfield code="a">n-us-nj</subfield></datafield><datafield ind1="0" ind2=" " tag="130"><subfield code="a">New Jersey herald (Newton, N.J. : 1960)</subfield></datafield><datafield ind1=" " ind2="4" tag="222"><subfield code="a">The New Jersey herald</subfield><subfield code="b">(1960)</subfield></datafield><datafield ind1="1" ind2="4" tag="245"><subfield code="a">The New Jersey herald.</subfield></datafield><datafield ind1="3" ind2="0" tag="246"><subfield code="a">New Jersey Sunday herald</subfield></datafield><datafield ind1=" " ind2=" " tag="260"><subfield code="a">Newton, N.J. :</subfield><subfield code="b">New Jersey Herald,</subfield><subfield code="c">1960-</subfield></datafield><datafield ind1=" " ind2=" " tag="300"><subfield code="a">v. :</subfield><subfield code="b">ill. ;</subfield><subfield code="c">58 cm.</subfield></datafield><datafield ind1=" " ind2=" " tag="310"><subfield code="a">Daily (except Sat. and Sun.),</subfield><subfield code="b">Mar. 16, 1970-</subfield></datafield><datafield ind1=" " ind2=" " tag="321"><subfield code="a">Weekly,</subfield><subfield code="b">Nov. 10, 1960-Mar. 12, 1970</subfield></datafield><datafield ind1="0" ind2=" " tag="362"><subfield code="a">131st yr., no. 21 (Nov. 10, 1960)-</subfield></datafield><datafield ind1=" " ind2=" " tag="500"><subfield code="a">On Sunday published as: New Jersey Sunday herald.</subfield></datafield><datafield ind1=" " ind2=" " tag="588"><subfield code="a">Latest issue consulted: Monday, Feb. 23, 1987 (surrogate).</subfield></datafield><datafield ind1=" " ind2="0" tag="651"><subfield code="a">Newton (N.J.)</subfield><subfield code="v">Newspapers.</subfield></datafield><datafield ind1=" " ind2="7" tag="655"><subfield code="a">Newspapers.</subfield><subfield code="2">fast</subfield><subfield code="0">(OCoLC)fst01423814</subfield></datafield><datafield ind1=" " ind2="7" tag="651"><subfield code="a">New Jersey</subfield><subfield code="z">Newton.</subfield><subfield code="2">fast</subfield><subfield code="0">(OCoLC)fst01232808</subfield></datafield><datafield ind1=" " ind2=" " tag="752"><subfield code="a">United States</subfield><subfield code="b">New Jersey</subfield><subfield code="c">Sussex</subfield><subfield code="d">Newton.</subfield></datafield><datafield ind1="0" ind2="0" tag="780"><subfield code="t">New Jersey herald and the Sussex register-Sussex County independent</subfield><subfield code="w">(DLC)sn 85035754</subfield><subfield code="w">(OCoLC)12075527</subfield></datafield></record>